<?xml version="1.0" encoding="UTF-8"?><record xmlns="http://www.loc.gov/MARC21/slim" xmlns:cinclude="http://apache.org/cocoon/include/1.0" xmlns:zs="http://www.loc.gov/zing/srw/">
  <leader>00524cz  a2200133n  4500</leader>
  <controlfield tag="001">n  86063229 </controlfield>
  <controlfield tag="003">DLC</controlfield>
  <controlfield tag="005">20080228080230.0</controlfield>
  <controlfield tag="008">880316n| acannaabn          |n aaa      </controlfield>
  <datafield tag="010" ind1=" " ind2=" ">
    <subfield code="a">n  86063229 </subfield>
  </datafield>
  <datafield tag="035" ind1=" " ind2=" ">
    <subfield code="a">(OCoLC)oca02229595</subfield>
  </datafield>
  <datafield tag="040" ind1=" " ind2=" ">
    <subfield code="a">DNLM</subfield>
    <subfield code="b">eng</subfield>
    <subfield code="c">DLC</subfield>
    <subfield code="d">DLC</subfield>
    <subfield code="d">OCoLC</subfield>
  </datafield>
  <datafield tag="100" ind1="1" ind2=" ">
    <subfield code="a">Lyttle, Jack</subfield>
  </datafield>
  <datafield tag="670" ind1=" " ind2=" ">
    <subfield code="a">His Mental disorder, 1986:</subfield>
    <subfield code="b">t.p. (Jack Lyttle, RMN, RGN, DN (Lond.), RNT; sen. tutor (psych.), Inverclyde and Bute Coll. of Nursing and Midwifery, Greenock; Nat. Board for Nursing, Midwifery and Health Visiting (Scotland))</subfield>
  </datafield>
</record>